<?xml version="1.0" encoding="UTF-8"?><record xmlns="http://www.loc.gov/MARC21/slim" xmlns:cinclude="http://apache.org/cocoon/include/1.0" xmlns:zs="http://www.loc.gov/zing/srw/">
  <leader>00416cz  a2200133n  4500</leader>
  <controlfield tag="001">n  80102009 </controlfield>
  <controlfield tag="003">DLC</controlfield>
  <controlfield tag="005">20060303134325.0</controlfield>
  <controlfield tag="008">800814n| acannaab           |n aaa      </controlfield>
  <datafield tag="010" ind1=" " ind2=" ">
    <subfield code="a">n  80102009 </subfield>
  </datafield>
  <datafield tag="040" ind1=" " ind2=" ">
    <subfield code="a">DLC</subfield>
    <subfield code="c">DLC</subfield>
    <subfield code="d">DLC</subfield>
  </datafield>
  <datafield tag="100" ind1="1" ind2=" ">
    <subfield code="a">Mieli, Mario</subfield>
  </datafield>
  <datafield tag="670" ind1=" " ind2=" ">
    <subfield code="a">His Elementi di critica omosessuale, 1977.</subfield>
  </datafield>
  <datafield tag="670" ind1=" " ind2=" ">
    <subfield code="a">Oro, eros e armonia, 2002:</subfield>
    <subfield code="b">t.p. (Mario Mieli) back cover (b. May 21, 1952 in Milan; d. March 12, 1983)</subfield>
  </datafield>
</record>